@article{metropolis1953,
  title = {Equation of {{State Calculations}} by {{Fast Computing Machines}}},
  author = {Metropolis, Nicholas and Rosenbluth, Arianna W. and Rosenbluth, Marshall N. and Teller, Augusta H. and Teller, Edward},
  date = {1953-06},
  journaltitle = {The Journal of Chemical Physics},
  shortjournal = {J. Chem. Phys.},
  volume = {21},
  number = {6},
  pages = {1087--1092},
  publisher = {{American Institute of Physics}},
  issn = {0021-9606},
  doi = {10.1063/1.1699114},
  url = {https://aip.scitation.org/doi/10.1063/1.1699114},
  urldate = {2023-01-15}
}

@article{alder1957,
  title = {Phase {{Transition}} for a {{Hard Sphere System}}},
  author = {Alder, B. J. and Wainwright, T. E.},
  date = {1957-11},
  journaltitle = {The Journal of Chemical Physics},
  shortjournal = {J. Chem. Phys.},
  volume = {27},
  number = {5},
  pages = {1208--1209},
  publisher = {{American Institute of Physics}},
  issn = {0021-9606},
  doi = {10.1063/1.1743957},
  url = {https://aip.scitation.org/doi/10.1063/1.1743957},
  urldate = {2023-01-15}
}

@article{rahman1964,
  title = {Correlations in the {{Motion}} of {{Atoms}} in {{Liquid Argon}}},
  author = {Rahman, A.},
  date = {1964-10-19},
  journaltitle = {Physical Review},
  shortjournal = {Phys. Rev.},
  volume = {136},
  pages = {A405-A411},
  publisher = {{American Physical Society}},
  doi = {10.1103/PhysRev.136.A405},
  url = {https://link.aps.org/doi/10.1103/PhysRev.136.A405},
  urldate = {2023-01-15},
  issue = {2A}
}

@article{levitt1975,
  title = {Computer Simulation of Protein Folding},
  author = {Levitt, Michael and Warshel, Arieh},
  date = {1975-02},
  journaltitle = {Nature},
  volume = {253},
  number = {5494},
  pages = {694--698},
  publisher = {{Nature Publishing Group}},
  issn = {1476-4687},
  doi = {10.1038/253694a0},
  url = {https://www.nature.com/articles/253694a0},
  urldate = {2023-01-15},
  issue = {5494},
  langid = {english},
  keywords = {Humanities and Social Sciences,multidisciplinary,Science}
}

@article{rahman1971,
  title = {Molecular {{Dynamics Study}} of {{Liquid Water}}},
  author = {Rahman, Aneesur and Stillinger, Frank H.},
  date = {1971-10},
  journaltitle = {The Journal of Chemical Physics},
  shortjournal = {J. Chem. Phys.},
  volume = {55},
  number = {7},
  pages = {3336--3359},
  publisher = {{American Institute of Physics}},
  issn = {0021-9606},
  doi = {10.1063/1.1676585},
  url = {https://aip.scitation.org/doi/10.1063/1.1676585},
  urldate = {2023-01-15}
}

@article{car1985,
  title = {Unified {{Approach}} for {{Molecular Dynamics}} and {{Density-Functional Theory}}},
  author = {Car, R. and Parrinello, M.},
  date = {1985-11-25},
  journaltitle = {Physical Review Letters},
  shortjournal = {Phys. Rev. Lett.},
  volume = {55},
  number = {22},
  pages = {2471--2474},
  publisher = {{American Physical Society}},
  doi = {10.1103/PhysRevLett.55.2471},
  url = {https://link.aps.org/doi/10.1103/PhysRevLett.55.2471},
  urldate = {2023-01-15}
}

@article{case1979,
  title = {Dynamics of Ligand Binding to Heme Proteins},
  author = {Case, D. A. and Karplus, M.},
  date = {1979-08-15},
  journaltitle = {Journal of Molecular Biology},
  shortjournal = {Journal of Molecular Biology},
  volume = {132},
  number = {3},
  pages = {343--368},
  issn = {0022-2836},
  doi = {10.1016/0022-2836(79)90265-1},
  url = {https://www.sciencedirect.com/science/article/pii/0022283679902651},
  urldate = {2023-01-15},
  langid = {english}
}

@article{kendrew1958,
  title = {A {{Three-Dimensional Model}} of the {{Myoglobin Molecule Obtained}} by {{X-Ray Analysis}}},
  author = {Kendrew, J. C. and Bodo, G. and Dintzis, H. M. and Parrish, R. G. and Wyckoff, H. and Phillips, D. C.},
  date = {1958-03},
  journaltitle = {Nature},
  volume = {181},
  number = {4610},
  pages = {662--666},
  publisher = {{Nature Publishing Group}},
  issn = {1476-4687},
  doi = {10.1038/181662a0},
  url = {https://www.nature.com/articles/181662a0},
  urldate = {2023-01-15},
  issue = {4610},
  langid = {english},
  keywords = {Humanities and Social Sciences,multidisciplinary,Science}
}

@article{levitt1988,
  title = {Accurate Simulation of Protein Dynamics in Solution.},
  author = {Levitt, M and Sharon, R},
  date = {1988-10},
  journaltitle = {Proceedings of the National Academy of Sciences},
  volume = {85},
  number = {20},
  pages = {7557--7561},
  publisher = {{Proceedings of the National Academy of Sciences}},
  doi = {10.1073/pnas.85.20.7557},
  url = {https://www.pnas.org/doi/10.1073/pnas.85.20.7557},
  urldate = {2023-01-15}
}
